% Fügen Sie bei Bildern das Keyword `picture` ein!
@misc{wggwallpaper,
  title = {WGG-Hintergrundbild},
  howpublished = {WGG Schulhomepage},
  author = {Justus Müller},
  url = {https://www.wggselb.de/wp/wp-content/uploads/2020/01/blank_beige_3840x2160.jpg},
  urldate = {2023-02-23},
  keywords = {picture},
  year = {2020},
}
@misc{logo,
  title = {WGG Logo},
  howpublished = {WGG Schulhomepage},
  author = {P-Seminar Marketingkonzept},
  url = {https://www.wggselb.de/wp/wp-content/uploads/2020/01/blank_beige_3840x2160.jpg},
  urldate = {2023-02-23},
  keywords = {picture},
  year = {2020},
}