@book{ruprecht,
  author         = {Eberhard Ruprecht},
  publisher      = {Bayerischer Schulbuch-Verlag, M체nchen},
  title          = {Physik 1 Mechanik},
  year           = {1967},
}

@misc{simpleclub,
  author       = {Alexander Giesecke, Nicolai Schork},
  howpublished = {YouTube},
  title        = {Der schiefe Wurf einfach erkl채rt},
  year         = {2016},
  url          = {https://youtu.be/jmtGwel1oFM},
  urldate      = {2018-11-06},
  organization = {SimpleClub},
}

% F체gen Sie bei Bildern das Keyword `picture` ein!
@misc{wggwallpaper,
  title = {WGG-Hintergrundbild},
  author = {Justus M체ller},
  url = {https://www.wggselb.de/wp/wp-content/uploads/2020/01/blank_beige_3840x2160.jpg},
  urldate = {2023-02-23},
  keywords = {picture},
}