@book{ruprecht,
  author         = {Eberhard Ruprecht},
  publisher      = {Bayerischer Schulbuch-Verlag, München},
  title          = {Physik 1 Mechanik},
  year           = {1967},
}

@misc{simpleclub,
  author       = {Alexander Giesecke, Nicolai Schork},
  howpublished = {YouTube},
  title        = {Der schiefe Wurf einfach erklärt},
  year         = {2016},
  url          = {https://youtu.be/jmtGwel1oFM},
  urldate      = {2018-11-06},
}
